@Book{AglipayYLabayan1925,
  Title                    = {{Pagsisiyam sa Virgen sa Balintawak (Ang Virgen sa Balintawak ay ang Inang Bayan)}},
  Author                   = {{Aglipay Y Labayan}, Gregorio},
  Year                     = {1925},
  Address                  = {Manila},
  Translator               = {Evangelista, G. Juan N.}
}

@Book{Agoncillo1960,
  Title                    = {{Malolos: Crisis of the Republic}},
  Author                   = {Agoncillo, Teodoro A.},
  Publisher                = {University of the Philippines Press},
  Year                     = {1960},
  Address                  = {Quezon City},
}

@Book{Agoncillo1956,
  Title                    = {{The Revolt of the Masses: The Story of Bonifacio and the Katipunan}},
  Author                   = {Agoncillo, Teodoro A.},
  Publisher                = {University of the Philippines},
  Year                     = {1956},
  Address                  = {Quezon City},
}

@Book{Alaras1988,
  Title                    = {{Pamathalaan: ang pagbubukas sa tipan ng Mahal na Ina}},
  Author                   = {Alaras, Consolacion Rustia},
  Publisher                = {Bahay-Saliksikan ng Kasaysayan},
  Year                     = {1988},
  Address                  = {Quezon City}
}

@Misc{Alcantara2008,
  Title                    = {{The Spanish {America}n Lexicons in Filipino}},
  Author                   = {Alcantara, Teresita A.},
  Month                    = dec,
  Note                     = {paper presented at Philippine Latin American Studies Conference, Pamantasan Lungsod ng Maynila},
  Year                     = {2008},
  Day                      = {15-17}
}

@Book{Alvarez1992,
  Title                    = {{The Katipunan and the Revolution: Memoirs of a General, with the original Tagalog text}},
  Author                   = {Alvarez, Santiago V.},
  Publisher                = {Ateneo de Manila University Press},
  Year                     = {1992},
  Address                  = {Quezon City},
  Translator               = {Malay, Paula Carolina S.}
}

@Book{Anderson1998,
  Title                    = {{The Spectre of Comparisons: Nationalism, Southeast {Asia}, and the World}},
  Author                   = {Anderson, Benedict R. O'G.},
  Publisher                = {Verso},
  Year                     = {1998},
  Address                  = {New York}
}

@InCollection{Angeles1904,
  Title                    = {{Exhibit C: Sources of Manila's Water Supply}},
  Author                   = {de los Angeles, Sixto},
  Booktitle                = {Fourth Annual Report of the Philippine Commission, 1903},
  Publisher                = {Government Printing Office},
  Year                     = {1904},
  Address                  = {Washington},
  Volume                   = {3}
}

@Article{Barbour1924,
  Title                    = {An historic crocodile skull},
  Author                   = {Barbour, Thomas},
  Journal                  = {Copeia},
  Year                     = {1924},
  Pages                    = {16},
  Volume                   = {126}
}

@PhdThesis{Borromeo1973,
  Title                    = {{El Cadiz Filipino: Colonial Cavite, 1571-1896}},
  Author                   = {Borromeo, Soledad Masangkay},
  School                   = {UC Berkeley},
  Year                     = {1973}
}

@Book{Bowring1859,
  Title                    = {{A Visit to the Philippine Islands}},
  Author                   = {Bowring, John},
  Publisher                = {Smith, Elder, \& Co.},
  Year                     = {1859},
  Address                  = {London}
}

@InCollection{Bronson1977,
  Title                    = {{Exchange at the Upstream and Downstream Ends: Notes toward a Functional Model of the Coastal State in Southeast Asia}},
  Author                   = {Bronson, Bennet},
  Booktitle                = {Economic Exchange and Social Interaction in Southeast Asia: Perspectives from Prehistory, History, and Ethnography},
  Publisher                = {Center for South \protect{and} Southeast Asian Studies},
  Year                     = {1977},
  Address                  = {Ann Arbor},
  Editor                   = {Sutterer, Karl L.},
  Pages                    = {39--52}
}

@Book{Burritt1902,
  Title                    = {{Abstract of the Mining Laws in force in the Philippine Archipelago}},
  Author                   = {Burritt, Charles H.},
  Publisher                = {Bureau of Public Printing},
  Year                     = {1902},
  Address                  = {Manila},
}

@Book{Buzeta1850,
  Title                    = {{Diccionario Geografico-Estadistico-Historico de las Islas Filipinas}},
  Author                   = {Buzeta, Manuel},
  Publisher                = {Imprenta de D. Jose C de la Pena},
  Year                     = {1850},
  Address                  = {Madrid}
}

@Book{Canseco1999,
  Title                    = {{Kasaysayan ng Paghihimagsik ng Mga Pilipino sa Cavite}},
  Author                   = {Canseco, Telesforo},
  Publisher                = {Philippine Dominican Center of Institutional Studies},
  Year                     = {1999},
  Address                  = {Quezon City},
  Translator               = {Hernandez, Jose Rhommel B.}
}

@Article{Conant1912,
  Title                    = {{The Pepet Law in Philippine Languages}},
  Author                   = {Conant, Carlos Everett},
  Journal                  = {Anthropos: ephemeris internationalis ethnologica et linguistica},
  Year                     = {1912},
  Pages                    = {920--47},
  Volume                   = {7}
}

@Book{Corpuz1999,
  Title                    = {{The Colonial Iron Horse: Railroads and Regional Development in the {Philippines}, 1875-1935}},
  Author                   = {Corpuz, Arturo G.},
  Publisher                = {University of the Philippines Press},
  Year                     = {1999},
  Address                  = {Quezon City}
}

@Book{DelaCosta1965,
  Title                    = {{Readings in Philippine History: Selected Historical Texts Presented with a Commentary}},
  Author                   = {de la Costa, Horacio},
  Publisher                = {Bookmark},
  Year                     = {1965},
  Address                  = {Manila}
}

@Book{DeBevoise1995,
  Title                    = {{Agents of apocalypse: epidemic disease in the colonial Philippines}},
  Author                   = {{De Bevoise}, Ken},
  Publisher                = {New Day Publishers},
  Year                     = {1995},
  Address                  = {Quezon City}
}

@InCollection{Doeppers1998,
  Title                    = {{A Demographic Frame for Philippine History}},
  Author                   = {Doeppers, Daniel F. and Xenos, Peter},
  Booktitle                = {Population and History: The Demographic Origins of the Modern Philippines},
  Publisher                = {Center for Southeast Asian Studies, University of Wisconsin -- Madison},
  Year                     = {1998},
  Address                  = {Madison},
  Editor                   = {Doeppers, Daniel and Xenos, Peter}
}

@Book{Drasche1878,
  Title                    = {{Fragmente zu einer Geologie der Insel Luzon (Philippinen)}},
  Author                   = {von Drasche, Richard},
  Publisher                = {Karl Gerold's Sohn},
  Year                     = {1878},
  Address                  = {Wien}
}

@Book{Dumas,
  Title                    = {{The Man with Five Wives}},
  Author                   = {Dumas, Alexandre},
  Publisher                = {T.B. Peterson \protect{and} Brothers},
  Year                     = {n.d.},
  Address                  = {Philadelphia}
}

@Book{Dumas2004,
  Title                    = {{One Thousand and One Ghosts}},
  Author                   = {Dumas, Alexandre},
  Publisher                = {Hesperus Classics},
  Year                     = {2004},
  Address                  = {London},
  Translator               = {Brown, Andrew}
}

@Book{Ellis1859,
  Title                    = {{Hong Kong to Manilla \textup{\textins{sic}} and the Lakes of Luzon, in the Philippine Isles, in the Year 1856}},
  Author                   = {Ellis, Henry T.},
  Publisher                = {Smith, Elder, \protect{and} Co.},
  Year                     = {1859},
  Address                  = {London},
}

@Book{Eugenio1987,
  Title                    = {{Awit and Corrido: Philippine Metrical Romances}},
  Author                   = {Eugenio, Damiana L},
  Publisher                = {University of the Philippines Press},
  Year                     = {1987},
  Address                  = {Quezon City},
}

@Book{Fast1979,
  Title                    = {{Roots of Dependency: Political and Economic Revolution in the 19th Century Philippines}},
  Author                   = {Fast, Jonathan and Richardson, Jim},
  Publisher                = {Foundation for Nationalist Studies},
  Year                     = {1979},
  Address                  = {Quezon City}
}

@Book{Fernandez1996,
  Title                    = {{Palabas: essays on Philippine theater history}},
  Author                   = {Fernandez, Doreen G.},
  Publisher                = {Ateneo de Manila University Press},
  Year                     = {1996},
  Address                  = {Quezon City}
}

@Book{Gironiere1983,
  Title                    = {{Journey to Majayjay}},
  Author                   = {de la Gironiere, Paul},
  Publisher                = {National Historical Institute},
  Year                     = {1983},
  Address                  = {Manila},
  Translator               = {Cruz, E. Aguilar}
}

@Book{Gironiere1862,
  Title                    = {{M\oe urs Indiennes et Quelques Pens\'{e}es Philosophiques Pendant un Voyage a Majaijai (Iles {Philippines})}},
  Author                   = {de la Gironiere, Paul},
  Publisher                = {Imprimerie de Vincent Forest et \'{E}mile Grimaud},
  Year                     = {1862},
  Address                  = {Nantes}
}

@Book{Gironiere1853,
  Title                    = {{Vingt Ann\'{e}es aux {Philippines}: Souvenirs de Jala-Jala.}},
  Author                   = {de la Gironiere, Paul},
  Publisher                = {Comptoir des Imprimeurs Unis},
  Year                     = {1853},
  Address                  = {Paris}
}

@Book{Gironiere1962,
  Title                    = {{Twenty Years in the Philippines}},
  Author                   = {Gironiere, Paul de la},
  Publisher                = {National Historical Institute},
  Year                     = {1962},
  Address                  = {Manila}
}

@Article{Headland1989,
  Title                    = {{Hunter-Gatherers and Their Neighbors from Prehistory to the Present}},
  Author                   = {Headland, Thomas N and Reid, Lawrence a and Bicchieri, M G and Bishop, Charles a and Flanders, Nicholas E and Gardner, Peter M and Hutterer, Karl L and Marciniak, Arkadiusz and Schroeder, F and Seitz, Stefan and Reid, A and Barnard, Alan and Guenther, Matthias and Hochstetler, Susan and Hutterer, Karl and Mckinney, Carol and Scott, William and Edgerton, Ronald and Munoz, Pedro Gil},
  Journal                  = {Current Anthropology},
  Year                     = {1989},
  Number                   = {1},
  Pages                    = {43--66},
  Volume                   = {30}
}

@Book{Hernandez2000,
  Title                    = {{Americanismos en las {India}s del Poniente: Voces de origen ind\'{\i}gena americano en las lenguas del Pac\'{\i}fico}},
  Author                   = {Hern\'{a}ndez, Paloma Albal\'{a}},
  Publisher                = {Iberoamericana},
  Year                     = {2000},
  Address                  = {Vervuert}
}

@Article{Himes2002,
  Title                    = {{The Relationship of Umiray Dumaget to Other Philippine Languages}},
  Author                   = {Himes, Ronald S.},
  Journal                  = {Oceanic Linguistics},
  Year                     = {2002},
  Number                   = {2},
  Pages                    = {275--294},
  Volume                   = {41},
  Doi                      = {10.1353/ol.2002.0005},
  ISSN                     = {1527-9421}
}

@Book{Hobsbawm2000,
  Title                    = {{Bandits}},
  Author                   = {Hobsbawm, Eric},
  Publisher                = {New Press},
  Year                     = {2000},
  Address                  = {New York},
  Edition                  = {Revised Ed}
}

@Book{Huerta1863,
  Title                    = {{Estado geogr\'{a}fico, topogr\'{a}fico, estad\'{\i}stico, hist\'{o}rico-religioso de la santa y apost\'{o}lica provincia de S. Gregorio Magno}},
  Author                   = {de Huerta, F\'{e}lix},
  Publisher                = {Imprenta de M S\'{a}nchez y Co.},
  Year                     = {1863},
  Address                  = {Binondo}
}

@InCollection{Ileto1982,
  Title                    = {{Rizal and the Underside of Philippine History}},
  Author                   = {Ileto, Reynaldo C},
  Booktitle                = {Moral Order and the Question of Change: Essays on Southeast Asian Thought},
  Publisher                = {Yale University Southeast Asia Studies},
  Year                     = {1982},
  Address                  = {New Haven},
  Editor                   = {Wyatt, David K. and Woodside, Alexander},
  Pages                    = {274--337},
  Series                   = {Monograph Series},
}

@InCollection{Ileto1998,
  Title                    = {{Bernardo Carpio:Awit and Revolution}},
  Author                   = {Ileto, Reynaldo C.},
  Booktitle                = {Filipinos and their Revolution: Event, Discourse and Historiography},
  Publisher                = {Ateneo de Manila University Press},
  Year                     = {1998},
  Address                  = {Quezon City},
  Pages                    = {1--28}
}

@InCollection{Ileto1998a,
  Title                    = {{History and Criticism: The Invention of Heroes}},
  Author                   = {Ileto, Reynaldo C.},
  Booktitle                = {Filipinos and their Revolution: Event, Discourse and Historiography},
  Publisher                = {Ateneo de Manila University Press},
  Year                     = {1998},
  Address                  = {Quezon City},
  Pages                    = {203--238}
}

@Article{Ileto1984,
  Title                    = {{Bonifacio, the Text, and the Social Scientist}},
  Author                   = {Ileto, Reynaldo C},
  Journal                  = {Philippine Sociological Review},
  Year                     = {1984},
  Number                   = {1-4},
  Pages                    = {19--30},
  Volume                   = {32},
}

@Article{Ileto1982a,
  Title                    = {{\enquote{Methodological} Implications of a Dispute on Andres Bonifacio}},
  Author                   = {Ileto, Reynaldo C},
  Journal                  = {Anuaryo/Annales},
  Year                     = {1982},
  Number                   = {3},
  Pages                    = {1--15},
  Volume                   = {1}
}

@Book{Ileto1979,
  Title                    = {{Pasyon and Revolution: Popular Movements in the {Philippines} 1840-1910}},
  Author                   = {Ileto, Reynaldo C},
  Publisher                = {Ateneo de Manila University Press},
  Year                     = {1979},
  Address                  = {Quezon City},
}

@Book{Jagor1875,
  Title                    = {{Travels in the Philippines}},
  Author                   = {Jagor, Fedor},
  Publisher                = {Chapman \protect{and} Hall},
  Year                     = {1875},
  Address                  = {London}
}

@Article{Javellana1983,
  Title                    = {{Pasyon Genealogy and Annotated Bibliography}},
  Author                   = {Javellana, Rene B.},
  Journal                  = {Philippine Studies},
  Year                     = {1983},
  Number                   = {1},
  Pages                    = {451--67},
  Volume                   = {31},
}

@Book{DeJesus1980,
  Title                    = {{The Tobacco Monopoly in the {Philippines}: Bureaucratic Enterprise and Social Change, 1766-1880}},
  Author                   = {de Jesus, Ed. C.},
  Publisher                = {Ateneo de Manila University Press},
  Year                     = {1980},
  Address                  = {Quezon City}
}

@Book{Kalaw1969,
  Title                    = {{The Philippine Revolution}},
  Author                   = {Kalaw, Teodoro M.},
  Publisher                = {Jorge B. Vargas Filipiana Foundation},
  Year                     = {1969},
  Address                  = {Mandaluyong}
}

@Book{Kalaw1965,
  Title                    = {{Aide-de-Camp to Freedom}},
  Author                   = {Kalaw, Teodoro M.},
  Publisher                = {Teodoro M. Kalaw Society},
  Year                     = {1965},
  Address                  = {Manila},
  Translator               = {Katigbak, Maria Kalaw}
}

@Book{Leonard1949,
  Title                    = {{Books of the Brave: Being an Account of Book and of Men in the Spanish Conquest and Settlement of the Sixteenth-Century New World}},
  Author                   = {Leonard, Irving},
  Publisher                = {Harvard University Press},
  Year                     = {1949},
  Address                  = {Cambridge}
}

@Book{Leonard1933,
  Title                    = {{Romances of Chivalry in the Spanish Indies, with some registros of shipments of books to the Spanish colonies}},
  Author                   = {Leonard, Irving},
  Publisher                = {University of California Press},
  Year                     = {1933},
  Address                  = {Berkeley},
  Number                   = {3},
  Series                   = {University of California Publications in Modern Philology},
  Volume                   = {18}
}

@InCollection{Lindsay1854,
  Title                    = {{Testimony of H. Hamilton Lindsay, Esq.}},
  Author                   = {Lindsay, H. Hamilton},
  Booktitle                = {Twenty Years in the Philippines},
  Publisher                = {Harper \protect{and} Brothers},
  Year                     = {1854},
  Address                  = {New York},
  Chapter                  = {Appendix II},
  Bookauthor               = {Gironiere, Paul Proust de la}
}

@InCollection{Llamzon1976,
  Title                    = {{The Importance of Dialects in Historical Linguistics: Conant's Pepet Law in Philippine Languages as a Case in Point.}},
  Author                   = {Llamzon, Teodoro A},
  Booktitle                = {Actes de XXIX\textsuperscript{e} Congr\`{e}s international des Orientalistes: Indon\'{e}sie},
  Publisher                = {L'Asiath\`{e}que},
  Year                     = {1976},
  Address                  = {Paris},
  Editor                   = {Lombard, Denys},
  Volume                   = {3}
}

@Book{Lumbera1986,
  Title                    = {{Tagalog Poetry, 1570-1898: Tradition and Influences in its Development}},
  Author                   = {Lumbera, Bienvenido L},
  Publisher                = {Ateneo de Manila University Press},
  Year                     = {1986},
  Address                  = {Quezon City}
}

@Book{MacMicking1851,
  Title                    = {{Recollections of Manilla and the {Philippines} during 1848, 1849, and 1850}},
  Author                   = {MacMicking, Robert},
  Publisher                = {Richard Bentley},
  Year                     = {1851},
  Address                  = {London},
}

@Book{Medina2002,
  Title                    = {{Cavite Before the Revolution, 1571-1896}},
  Author                   = {Medina, Isagani},
  Publisher                = {University of the Philippines Press},
  Year                     = {2002},
  Address                  = {Quezon City}
}

@Book{Miranda1911,
  Title                    = {{Costumbres populares}},
  Author                   = {Miranda, Claudio R.},
  Publisher                = {Cultura Filipina},
  Year                     = {1911},
  Address                  = {Manila},
  Annote                   = {Introduction by Isabelo de los Reyes},
  Pages                    = {151}
}

@Book{Mojares2006,
  Title                    = {{Brains of the Nation: Pedro Paterno, T.H. Pardo de Tavera, Isabelo de los Reyes and the Production of Modern Knowledge}},
  Author                   = {Mojares, Resil B.},
  Publisher                = {Ateneo de Manila University Press},
  Year                     = {2006},
  Address                  = {Quezon City}
}

@Book{Mojares1983,
  Title                    = {{Origins and Rise of the Filipino Novel: A generic study of the novel until 1940}},
  Author                   = {Mojares, Resil B.},
  Publisher                = {University of the Philippines Press},
  Year                     = {1983},
  Address                  = {Quezon City}
}

@Book{Noceda1860,
  Title                    = {{Vocabulario de la Lengua Tagala}},
  Author                   = {Noceda, Juan De and Sanlucar, Pedro De},
  Publisher                = {Imprenta de Ramirez y Giraudier},
  Year                     = {1860},
  Address                  = {Manila},
}

@Book{Ocampo2001,
  Title                    = {{Bones of Contention: The Bonifacio Lectures}},
  Author                   = {Ocampo, Ambeth},
  Publisher                = {Anvil Publishing},
  Year                     = {2001},
  Address                  = {Manila}
}

@Book{Oliphant1860,
  Title                    = {{Narrative of the Earl of Elgin's Mission to {China} and {Japan} in the Years 1857, '58, '59}},
  Author                   = {Oliphant, Laurence},
  Publisher                = {William Blackwood \protect{and} Sons},
  Year                     = {1860},
  Address                  = {Edinburgh and London},
  Edition                  = {Second},
  Volume                   = {1},
}

@Book{Owen1984,
  Title                    = {{Prosperity without Progress: Manila Hemp and Material Life in the Colonial Philippines}},
  Author                   = {Owen, Norman G},
  Publisher                = {Ateneo de Manila University Press},
  Year                     = {1984},
  Address                  = {Quezon City}
}

@Book{Paterno1910,
  Title                    = {{El Pacto de Biyak-na-Bato}},
  Author                   = {Paterno, Pedro A.},
  Publisher                = {Imprenta \enquote{La Rep\'{u}blica}},
  Year                     = {1910},
  Address                  = {Manila}
}

@Book{Ponce1932,
  Title                    = {{Cartas Sobre La Revoluci\'{o}n}},
  Author                   = {Ponce, Mariano},
  Publisher                = {Bureau of Printing},
  Year                     = {1932},
  Address                  = {Manila}
}

@Book{Quinn2001,
  Title                    = {{The Learner's Dictionary of Today's {Indonesia}n}},
  Author                   = {Quinn, George},
  Publisher                = {Allen \& Unwin},
  Year                     = {2001},
  Address                  = {Sydney}
}

@Book{Rafael2005,
  Title                    = {{The Promise of the Foreign: Nationalism and the Technics of Translation in the Spanish Philippines}},
  Author                   = {Rafael, Vicente L.},
  Publisher                = {Duke University Press},
  Year                     = {2005},
  Address                  = {Durham and London}
}

@Book{RamosyDuarte1898,
  Title                    = {{Diccionario de mejicanismos}},
  Author                   = {{Ramos y Duarte}, Felix},
  Year                     = {1898},
  Address                  = {Mejico}
}

@Article{Reid1994,
  Title                    = {{Possible Non-Austronesian Lexical Elements in Philippine Negrito Languages}},
  Author                   = {Reid, Lawrence A},
  Journal                  = {Oceanic Linguistics},
  Year                     = {1994},
  Number                   = {1},
  Pages                    = {37--72},
  Volume                   = {33},
  ISBN                     = {0029811500298115},
  ISSN                     = {0029-8115, 0029-8115}
}

@Article{Reyes2006,
  Title                    = {{A \enquote*{treasonous} history of Filipino historiography: the life and times of Pedro Paterno, 1858-1911}},
  Author                   = {Reyes, Portia L.},
  Journal                  = {South East Asia Research},
  Year                     = {2006},
  Number                   = {1},
  Pages                    = {87--122},
  Volume                   = {14},
  Doi                      = {10.5367/000000006776563686},
  Pmid                     = {46300340}
}

@Article{Richardson2005,
  Title                    = {{Notes on Kalayaan, the Katipunan paper}},
  Author                   = {Richardson, Jim},
  Year                     = {2005},
  Month                    = nov,
  Url                      = {http://kasaysayan-kkk.info/studies.kalayaan.htm},
  Urldate                  = {2009-05-08}
}

@Book{Rizal2007,
  Title                    = {{El Filibusterismo}},
  Author                   = {Rizal, Jos\'e},
  Publisher                = {University of Hawai'i Press},
  Year                     = {2007},
  Address                  = {Honolulu},
  Translator               = {Lacson-Locsin, Soledad}
}

@Book{Rizal1996,
  Title                    = {{El Filibusterismo}},
  Author                   = {Rizal, Jose},
  Publisher                = {National Historical Institute},
  Year                     = {1996},
  Address                  = {Manila}
}

@Book{Rizal1931,
  Title                    = {{Epistolaria Rizalino, Tomo Segundo, 1887-1890}},
  Author                   = {Rizal, Jose},
  Publisher                = {Bureau of Printing},
  Year                     = {1931},
  Address                  = {Manila}
}

@Book{Ronquillo1996,
  Title                    = {{Ilang Talata Tungkol sa Paghihimagsik nang 1896-97}},
  Author                   = {Ronquillo, Carlos},
  Editor                   = {Medina, Isagani},
  Publisher                = {University of the Philippines Press},
  Year                     = {1996},
  Address                  = {Quezon City}
}

@InCollection{Ross1995,
  Title                    = {{Some Current Issues in Austronesian Linguistics}},
  Author                   = {Ross, Malcolm},
  Booktitle                = {Comparative Austronesian Dictionary: An Introduction to Austronesian Studies, Part 1: Fascicle 1, Trends in Linguistics: Documentation 10},
  Publisher                = {Walter de Gruyter},
  Year                     = {1995},
  Address                  = {Berlin},
  Editor                   = {Tyron, Darrel T.}
}

@Book{Salazar1994,
  Title                    = {{Agosto 29-30, 1896: Ang Pagsalakay ni Bonifacio sa {May}nila}},
  Author                   = {Salazar, Zeus A.},
  Publisher                = {Miranda Bookstore},
  Year                     = {1994},
  Address                  = {Quezon City},
}

@Book{Scott1990,
  Title                    = {{Domination and the Arts of Resistance: Hidden Transcripts}},
  Author                   = {Scott, James C},
  Publisher                = {Yale University Press},
  Year                     = {1990},
  Address                  = {New Haven and London}
}

@Book{Stevens1898,
  Title                    = {{Yesterdays in the Philippines}},
  Author                   = {Stevens, Joseph Earle},
  Publisher                = {Sampson Low, Marston, \& Co.},
  Year                     = {1898},
  Address                  = {London}
}

@Book{Sullivan1991,
  Title                    = {{Exemplar of {America}nism: the Philippine career of Dean C. Worcester}},
  Author                   = {Sullivan, Rodney J.},
  Publisher                = {Center for South \protect{and} Southeast Asian Studies},
  Year                     = {1991},
  Address                  = {Ann Arbor}
}

@Article{Tangherlini1990,
  Title                    = {{\enquote{It Happened Not Too Far from Here\ldots}: A Survey of Legend Theory and Characterization}},
  Author                   = {Tangherlini, Timothy R.},
  Journal                  = {Western Folklore},
  Year                     = {1990},
  Number                   = {4},
  Pages                    = {371--390},
  Volume                   = {49}
}

@Book{Tiongson1975,
  Title                    = {{Kasaysayan at Estetika ng Sinakulo at Ibang Dulang Panrelihiyon Sa Malolos}},
  Author                   = {Tiongson, Nicanor G.},
  Publisher                = {Ateneo de Manila University Press},
  Year                     = {1975},
  Address                  = {Quezon City}
}

@InCollection{Trimillos1992,
  Title                    = {{Pasyon: Lenten Observance of the {Philippines} as Southeast {Asia}n Theater}},
  Author                   = {Trimillos, Ricardo D.},
  Booktitle                = {Essays on Southeast Asian Performing Arts: Local Manifestations and Cross-Cultural Implications},
  Publisher                = {Center for South \protect{and} Southeast Asian Studies},
  Year                     = {1992},
  Address                  = {Berkeley},
  Editor                   = {Foley, Kathy}
}

@Book{Ugaldezubiaur1880,
  Title                    = {{Comision de la Flora y Estadistica Florestal, Memoria Descriptiva de la Provincia de Manila}},
  Author                   = {Ugaldezubiaur, D. Santiago},
  Publisher                = {Imprenta de Ramon Moreno Y Ricardo Rojas},
  Year                     = {1880},
  Address                  = {Madrid},
}

@Article{Venida1996,
  Title                    = {{The Santo and the Rural Aristocracy}},
  Author                   = {Venida, Victor S.},
  Journal                  = {Philippine Studies},
  Year                     = {1996},
  Number                   = {4},
  Pages                    = {500--13},
  Volume                   = {44},
}

@Book{Zaide1939,
  Title                    = {{History of the Katipunan}},
  Author                   = {Zaide, Gregorio F.},
  Publisher                = {Loyal Press},
  Year                     = {1939},
  Address                  = {Manila}
}

@Book{Alzona1964,
  Title                    = {{Julio Nakpil and the Philippine revolution}},
  Editor                   = {Alzona, Encarnacion},
  Publisher                = {Carmelo \& Bauermann, Inc.},
  Year                     = {1964},
  Address                  = {Makati},
}

@Book{Castro1985,
  Title                    = {{Anthology of ASEAN Literatures: Philippine Metrical Romances}},
  Editor                   = {Castro, Jovito Ventura},
  Publisher                = {Nalandangan, Inc.},
  Year                     = {1985},
  Address                  = {Manila}
}

@Book{GordonJr.2005,
  Title                    = {{Ethnologue: Languages of the World, Fifteenth edition}},
  Editor                   = {{Gordon Jr.}, Raymond G.},
  Publisher                = {SIL International},
  Year                     = {2005},
  Address                  = {Dallas}
}

@Book{Porrua,
  Title                    = {{Diccionario Porr\'{u}a de Historia, Biograf\'{\i}a y Geograf\'{\i}a de M\'{e}xico quinta edici\'{o}n}},
  Publisher                = {Editorial Porr\'{u}a},
  Address                  = {M\'{e}xico, D.F.}
}

@Book{Calaguim1923,
  Title                    = {{Ang Calaguim-laguim na buhay na nasapit ni Samuel Beli-bet na sinumpa nang Dios at gumalagala magpahanga ngayon sa boong liniguidliguid ng mundo}},
  Publisher                = {J. Martinez},
  Year                     = {1923},
  Address                  = {Manila}
}

@Book{Buhay1916,
  Title                    = {{Buhay nang Dalauang Magcasintahan na si Diego Marcilla at ni Isabel de Segura sa Ciudad Nang Teruel}},
  Publisher                = {J. Martinez},
  Year                     = {1916},
  Address                  = {Manila}
}

@Book{ReportWar1908,
  Title                    = {{Report of the Philippine Commission to the Secretary of War, 1908, in two parts}},
  Publisher                = {Government Printing Office},
  Year                     = {1909},
  Address                  = {Washington},
  Volume                   = {1}
}

@Book{Census1905,
  Title                    = {{Census of the Philippine Islands taken under the direction of the Philippine Commission in the year 1903, in four volumes, volume 1: Geography, History, and Population}},
  Publisher                = {United States Bureau of the Census},
  Year                     = {1905},
  Address                  = {Washington}
}
